% This file was created with JabRef 2.3.1.
% Encoding: Cp1252

@PREAMBLE{ "\newcommand{\noopsort}[1]{} "
# "\newcommand{\printfirst}[2]{#1} "
# "\newcommand{\singleletter}[1]{#1} "
# "\newcommand{\switchargs}[2]{#2#1} " }

@BOOK{Beck,
  author = {A. Beck and J. Denkel},
  title = {{Ubiquitous Computing - Auswirkungen auf Unternehmen und Gesellschaft}},
  year = {2007},
  publisher = {VDM},
  address = {Saarbrücken},
  note = {ISBN: 3-836-40786-8}
}

@PHDTHESIS{Thiem,
  author = {S. Thiem},
  title = {{Calculation of Electronic Transport Properties of Different $Si_xO_yN_z$ Phases Using Ab Initio Methods}},
  school = {Chemnitz University of Technology},
  year = {2007},
  type = {{Bachelor Thesis}},
  address = {Chemnitz, Germany}
}

@BOOK{Steyer,
  author = {R. Steyer and Dr. J. Fuchs},
  title = {{AJAX mit ASP.NET und Atlas}},
  year = {2006},
  publisher = {Addison-Wesley},
  address = {München},
  note = {ISBN: 3-827-32417-3}
}

@MISC{wiki:Faust,
  author = {{Wikipedia}},
  title = {{Faust --- Wikipedia{,} The Free Encyclopedia}},
  howpublished = {\url{http://en.wikipedia.org/w/index.php?title=Faust&oldid=197923584}},
  year = {2008},
  note = {[Online; accessed 13-March-2012]}
}

@MISC{wiki:Goethe,
  author = {{Wikipedia}},
  title = {{Johann Wolfgang von Goethe --- Wikipedia{,} The Free Encyclopedia}},
  howpublished = {\url{http://en.wikipedia.org/w/index.php?title=Johann_Wolfgang_von_Goethe&oldid=197792398}},
  year = {2008},
  note = {[Online; accessed 13-March-2012]}
}

@ARTICLE{Althoefer,
  title = {{On the Convergence of Threshold Accepting}},
  author = {I. Althöfer and K.-U. Koschnick},
  journal = {Applied Mathematics and Optimization},
  volume = {24},
  year = {1991},
  pages = {183--195}
}

@CONFERENCE{Boettcher,
  author = {S. Boettcher and A. G. Percus},
  title = {{Extremal Optimization: Methods Derived from Co-Evolution}},
  booktitle = {GECCO-99: Proceedings of the Genetic and Evolutionary Computation
	Conference},
  year = {1999},
  pages = {825--832},
  publisher = {Morgan Kaufmann},
  address = {Orlando, Florida}
}
